<?xml version="1.0" encoding="UTF-8"?><collection xmlns="http://www.loc.gov/MARC21/slim"><record><leader>00456nam--2200181-i-4500</leader><controlfield tag="001">000015331</controlfield><controlfield tag="002">20161230</controlfield><controlfield tag="005">20170303121647</controlfield><controlfield tag="008">060222s1000------------r-----000-0-fre-d</controlfield><datafield ind1=" " ind2=" " tag="040"><subfield code="a">IFIN-HH</subfield></datafield><datafield ind1=" " ind2=" " tag="041"><subfield code="a">fre</subfield></datafield><datafield ind1=" " ind2=" " tag="080"><subfield code="a">539.16(021)</subfield></datafield><datafield ind1="1" ind2=" " tag="100"><subfield code="a">Curie, Marie</subfield></datafield><datafield ind1="1" ind2="0" tag="245"><subfield code="a">Traite de radioactivite</subfield><subfield code="c">Marie Curie (Editeur)</subfield></datafield><datafield ind1=" " ind2=" " tag="260"><subfield code="a">Paris</subfield><subfield code="b">Gauthier-Villars</subfield><subfield code="c">1910</subfield></datafield><datafield ind1=" " ind2=" " tag="300"><subfield code="a">548 p. cu fig</subfield></datafield><datafield ind1=" " ind2=" " tag="852"><subfield code="a">4382</subfield><subfield code="c">539.16</subfield></datafield><datafield ind1=" " ind2=" " tag="CAT"><subfield code="a">SYS</subfield><subfield code="c">20170303</subfield><subfield code="h">121647</subfield></datafield></record></collection>